@Book{knuth,
author = {Donald E. Knuth},
title = {The {{\TeX}}book},
publisher = "Addison--Wesley",
year = "1986",
edition = "1",
address = "Boston",
isbn = "0--201--13447--0",
}

@Book{rybicka,
author = "Rybička, Jiří",
title = "{{\LaTeX}} pro začátečníky",
publisher = "Konvoj",
year = "2003",
edition = "3",
address = "Brno",
isbn = "80--7302--049--1",
}

@Misc{latex_webpage,
title = "An introduction to \LaTeX",
howpublished = "online",
revised = "Posledná zmena 13. 01. 2017",
cited = "!2017-04-15",
url = "https://www.latex-project.org/about/",
}

@Misc{mks,
author = "Tomáš Šavlík Pavlík",
title = "\TeX  vs. LaTeX",
howpublished = "online",
revised = "Posledná zmena 15. 04. 2017",
cited = "!2017-04-15",
url = "https://mks.mff.cuni.cz/info/tex/texlatex.php",
}

@Misc{prekladace_wiki,
title = "Comparison of \TeX editors",
howpublished = "online",
revised = "Posledná zmena 12. 04. 2017",
cited = "!2017-04-15",
url = "https://en.wikipedia.org/wiki/Comparison\_of\_TeX\_editors",
}


@MasterThesis{sokol,
author = "Miroslav Sokol",
title = "Online \LaTeX editor",
school = "VUT FIT Brno",
address = "Brno",
year = "2012",
}

@Article{online_tex,
author = "Eric Sullivan and Timothy Melvin",
title = "Enhancing Student Writing and Computer Programming with LATEX and MATLAB in Multivariable Calculus",
journal = "PRIMUS",
year = "2016",
volume = "26",
pages = "509--530",
issn = "1051--1970",
}

@BachelorThesis{czplain_bp,
author = "Pyšný Radek",
title = "BiBTeX styl pro ČSN ISO 690 a ČSN ISO 690-2",
school = "VUT FIT Brno",
address = "Brno",
year = "2008",
}

@InProceedings{typografia,
publisher = {Digirama s.r.o.},
year = {1995-2015. Vychádzal mesačne},
title = {Typografia},
issn = "0322-9068",
address = "Praha",
}

@InProceedings{practex,
publisher = {TUG},
year = {2005-2012. Vychádzal štvrťročne},
title = {The Prac\TeX Journal},
issn = "1556-6994",
}

@Article{pow_typo,
author = {Bang Wong},
title = {Point of view: Typography},
journal = {Nature Methods},
year = {2011},
volume = "8(4)",
pages = "277",
issn = "1548--7091",
}






